@inproceedings{DBLP:conf/fmco/JohnsenHSSS10,
  author    = {Einar Broch Johnsen and
               Reiner H{\"{a}}hnle and
               Jan Sch{\"{a}}fer and
               Rudolf Schlatte and
               Martin Steffen},
  editor    = {Bernhard K. Aichernig and
               Frank S. de Boer and
               Marcello M. Bonsangue},
  title     = {{ABS:} {A} Core Language for Abstract Behavioral Specification},
  booktitle = {Formal Methods for Components and Objects - 9th International Symposium,
               {FMCO} 2010, Graz, Austria, November 29 - December 1, 2010. Revised
               Papers},
  series    = {Lecture Notes in Computer Science},
  volume    = {6957},
  pages     = {142--164},
  publisher = {Springer},
  year      = {2010},
  url       = {https://doi.org/10.1007/978-3-642-25271-6\_8},
  doi       = {10.1007/978-3-642-25271-6\_8},
  timestamp = {Tue, 14 May 2019 10:00:53 +0200},
  biburl    = {https://dblp.org/rec/conf/fmco/JohnsenHSSS10.bib},
  bibsource = {dblp computer science bibliography, https://dblp.org}
}
@inproceedings{DBLP:conf/dac/LohstrohSGWGSL19,
  author    = {Marten Lohstroh and
               Martin Schoeberl and
               Andr{\'{e}}s Goens and
               Armin Wasicek and
               Christopher Gill and
               Marjan Sirjani and
               Edward A. Lee},
  title     = {Actors Revisited for Time-Critical Systems},
  booktitle = {Proceedings of the 56th Annual Design Automation Conference 2019,
               {DAC} 2019, Las Vegas, NV, USA, June 02-06, 2019},
  pages     = {152},
  publisher = {{ACM}},
  year      = {2019},
  url       = {https://doi.org/10.1145/3316781.3323469},
  doi       = {10.1145/3316781.3323469},
  timestamp = {Fri, 27 Dec 2019 21:27:09 +0100},
  biburl    = {https://dblp.org/rec/conf/dac/LohstrohSGWGSL19.bib},
  bibsource = {dblp computer science bibliography, https://dblp.org}
}

@inproceedings{DBLP:conf/cyphy/LohstrohRGDCLS19,
  author    = {Marten Lohstroh and
               {\'{I}}{\~{n}}igo {\'{I}}ncer Romeo and
               Andr{\'{e}}s Goens and
               Patricia Derler and
               Jer{\'{o}}nimo Castrill{\'{o}}n and
               Edward A. Lee and
               Alberto L. Sangiovanni{-}Vincentelli},
  editor    = {Roger D. Chamberlain and
               Martin Grimheden and
               Walid Taha},
  title     = {Reactors: {A} Deterministic Model for Composable Reactive Systems},
  booktitle = {Cyber Physical Systems. Model-Based Design - 9th International Workshop,
               CyPhy 2019, and 15th International Workshop, {WESE} 2019, New York
               City, NY, USA, October 17-18, 2019, Revised Selected Papers},
  series    = {Lecture Notes in Computer Science},
  volume    = {11971},
  pages     = {59--85},
  publisher = {Springer},
  year      = {2019},
  url       = {https://doi.org/10.1007/978-3-030-41131-2\_4},
  doi       = {10.1007/978-3-030-41131-2\_4},
  timestamp = {Thu, 20 Feb 2020 09:18:04 +0100},
  biburl    = {https://dblp.org/rec/conf/cyphy/LohstrohRGDCLS19.bib},
  bibsource = {dblp computer science bibliography, https://dblp.org}
}
@book{Agha90,
  author    = {Gul A. Agha},
  title     = {{ACTORS} - a model of concurrent computation in distributed systems},
  series    = {{MIT} Press series in artificial intelligence},
  publisher = {{MIT} Press},
  year      = {1990},
  isbn      = {978-0-262-01092-4},
}
@article{Hewitt77,
  author    = {Carl Hewitt},
  title     = {Viewing Control Structures as Patterns of Passing Messages},
  journal   = {Artif. Intell.},
  volume    = {8},
  number    = {3},
  pages     = {323--364},
  year      = {1977},

}
@inproceedings{ABS,
  author    = {Einar Broch Johnsen and
               Reiner H{\"{a}}hnle and
               Jan Sch{\"{a}}fer and
               Rudolf Schlatte and
               Martin Steffen},
  editor    = {Bernhard K. Aichernig and
               Frank S. de Boer and
               Marcello M. Bonsangue},
  title     = {{ABS:} {A} Core Language for Abstract Behavioral Specification},
  booktitle = {9th International Symposium on Formal Methods for Components and Objects},
  series    = {Lecture Notes in Computer Science},
  volume    = {6957},
  pages     = {142--164},
  publisher = {Springer},
  year      = {2010},
}

@inproceedings{SirjaniK16,
  author    = {Marjan Sirjani and
               Ehsan Khamespanah},
  editor    = {Erika {\'{A}}brah{\'{a}}m and
               Marcello M. Bonsangue and
               Einar Broch Johnsen},
  title     = {On Time Actors},
  booktitle = {Theory and Practice of Formal Methods - Essays Dedicated to Frank
               de Boer on the Occasion of His 60th Birthday},
  series    = {Lecture Notes in Computer Science},
  volume    = {9660},
  pages     = {373--392},
  publisher = {Springer},
  year      = {2016},
 
}
@article{survay,
  author    = {Frank S. de Boer and
               Vlad Serbanescu and
               Reiner H{\"{a}}hnle and
               Ludovic Henrio and
               Justine Rochas and
               Crystal Chang Din and
               Einar Broch Johnsen and
               Marjan Sirjani and
               Ehsan Khamespanah and
               Kiko Fernandez{-}Reyes and
               Albert Mingkun Yang},
  title     = {A Survey of Active Object Languages},
  journal   = {{ACM} Comput. Surv.},
  volume    = {50},
  number    = {5},
  pages     = {76:1--76:39},
  year      = {2017},
  url       = {https://doi.org/10.1145/3122848},
  doi       = {10.1145/3122848},
  timestamp = {Mon, 15 Jul 2019 18:25:12 +0200},
  biburl    = {https://dblp.org/rec/journals/csur/BoerSHHRDJSKFY17.bib},
  bibsource = {dblp computer science bibliography, https://dblp.org}
}

%H. Ehrich, J. Loeckx, M. Wolf, Specification of Abstract Data Types, John Wiley, 1996.
@book{ADT,
  author    = {H. Ehrich and J. Loeckx and  M. Wolf},
  title     = {Specification of Abstract Data Types},
  publisher = {John Wiley},
  year      = {1996},
}


@inproceedings{Groote,
  author    = {J.F. Groote and  A. Ponse},
  title     = {{\mu}CRL: a base for analysing processes with data},
  booktitle = {Proc. 3rd Workshop on Concurrency and Compositionality},
  volume    = {191},
  pages     = {125--130},
  year      = {1991},
}